@article{fischer1985impossibility,
  title={Impossibility of distributed consensus with one faulty process},
  author={Fischer, Michael J and Lynch, Nancy A and Paterson, Michael S},
  journal={Journal of the ACM (JACM)},
  volume={32},
  number={2},
  pages={374--382},
  year={1985},
  publisher={ACM}
}

@article{fekete1993impossibility,
  title={The impossibility of implementing reliable communication in the face of crashes},
  author={Fekete, Alan and Lynch, Nancy and Mansour, Yishay and Spinelli, John},
  journal={Journal of the ACM (JACM)},
  volume={40},
  number={5},
  pages={1087--1107},
  year={1993},
  publisher={ACM}
}
